<record><leader>00000cas a2200000 a 4500</leader><controlfield tag="001">30889080</controlfield><controlfield tag="007">hd afu---baca</controlfield><controlfield tag="008">940805d189u1926nbuwr nea     0    0eng d</controlfield><datafield ind1=" " ind2=" " tag="010"><subfield code="a">sn 94056567 </subfield></datafield><datafield ind1=" " ind2=" " tag="040"><subfield code="a">NVG</subfield><subfield code="b">eng</subfield><subfield code="c">NVG</subfield><subfield code="d">DLC</subfield><subfield code="d">OCL</subfield><subfield code="d">OCLCQ</subfield><subfield code="d">OCLCF</subfield><subfield code="d">OCLCO</subfield><subfield code="d">OCLCQ</subfield></datafield><datafield ind1=" " ind2=" " tag="042"><subfield code="a">msc</subfield></datafield><datafield ind1=" " ind2=" " tag="043"><subfield code="a">n-us-nb</subfield></datafield><datafield ind1="0" ind2="4" tag="245"><subfield code="a">The Arcadia champion.</subfield></datafield><datafield ind1=" " ind2=" " tag="260"><subfield code="a">Arcadia, Neb. :</subfield><subfield code="b">Clarence L. Day,</subfield><subfield code="c">-1926.</subfield></datafield><datafield ind1=" " ind2=" " tag="300"><subfield code="a">volumes</subfield></datafield><datafield ind1=" " ind2=" " tag="310"><subfield code="a">Weekly</subfield></datafield><datafield ind1=" " ind2=" " tag="336"><subfield code="a">text</subfield><subfield code="b">txt</subfield><subfield code="2">rdacontent</subfield></datafield><datafield ind1=" " ind2=" " tag="337"><subfield code="a">microform</subfield><subfield code="b">h</subfield><subfield code="2">rdamedia</subfield></datafield><datafield ind1=" " ind2=" " tag="338"><subfield code="a">microfilm reel</subfield><subfield code="b">hd</subfield><subfield code="2">rdacarrier</subfield></datafield><datafield ind1="0" ind2=" " tag="362"><subfield code="a">-v. 31, no. 4 (July 15, 1926).</subfield></datafield><datafield ind1=" " ind2=" " tag="515"><subfield code="a">Issues for &lt;May 29, 1896&gt;- called &lt;Vol. 2, no. 4&gt;-</subfield></datafield><datafield ind1=" " ind2=" " tag="580"><subfield code="a">Merged with: Arcadia tribune, to form: Arcadia champion and the Arcadia tribune.</subfield></datafield><datafield ind1=" " ind2=" " tag="588"><subfield code="a">Description based on: Vol. 9, no. 42 (June 21, 1895).</subfield></datafield><datafield ind1=" " ind2=" " tag="533"><subfield code="a">Microfilm.</subfield><subfield code="b">Wooster, Ohio :</subfield><subfield code="c">Bell &amp; Howell.</subfield><subfield code="e">9 microfilm reels ; 35 mm.</subfield></datafield><datafield ind1=" " ind2="0" tag="651"><subfield code="a">Arcadia (Neb.)</subfield><subfield code="v">Newspapers.</subfield></datafield><datafield ind1=" " ind2="7" tag="651"><subfield code="a">Nebraska</subfield><subfield code="z">Arcadia.</subfield><subfield code="2">fast</subfield><subfield code="0">(OCoLC)fst01275944</subfield></datafield><datafield ind1=" " ind2="7" tag="655"><subfield code="a">Newspapers.</subfield><subfield code="2">fast</subfield><subfield code="0">(OCoLC)fst01423814</subfield></datafield><datafield ind1=" " ind2=" " tag="752"><subfield code="a">United States</subfield><subfield code="b">Nebraska</subfield><subfield code="c">Valley</subfield><subfield code="d">Arcadia.</subfield></datafield><datafield ind1="0" ind2="0" tag="780"><subfield code="t">Arcadia courier</subfield><subfield code="w">(DLC)sn 94055566</subfield></datafield><datafield ind1="1" ind2="7" tag="785"><subfield code="t">Arcadia tribune</subfield></datafield><datafield ind1="1" ind2="7" tag="785"><subfield code="t">Arcadia champion and the Arcadia tribune</subfield><subfield code="w">(DLC)sn 94055571</subfield></datafield><datafield ind1="1" ind2=" " tag="029"><subfield code="a">AU@</subfield><subfield code="b">000011276852</subfield></datafield></record>